% Encoding: UTF-8

@Book{Brealey_et_al1999,
  author    = {Richard A. {Brealey} and Stewart C. {Myers} and Sandro {Sandri}},
  publisher = {{McGraw-Hill libri Italia}},
  title     = {Principi di finanza aziendale},
  year      = {1999},
  edition   = {terza},
  isbn      = {978-88-386-0751-6},
  series    = {Economia e discipline aziendali},
  location  = {Milano},
  url       = {https://books.google.it/books?id=ltN\_AAAACAAJ},
}

@Comment{jabref-meta: databaseType:bibtex;}
